@article{Blei:2003:LDA:944919.944937,
 author = {Blei, David M. and Ng, Andrew Y. and Jordan, Michael I.},
 title = {Latent dirichlet allocation},
 journal = {J. Mach. Learn. Res.},
 issue_date = {3/1/2003},
 volume = {3},
 month = mar,
 year = {2003},
 issn = {1532-4435},
 pages = {993--1022},
 numpages = {30},
 url = {http://dl.acm.org/citation.cfm?id=944919.944937},
 acmid = {944937},
 publisher = {JMLR.org},
}

@ARTICLE{Tsoumakas07multi-labelclassification:,
    author = {Grigorios Tsoumakas and Ioannis Katakis},
    title = {Multi-label classification: An overview},
    journal = {Int J Data Warehousing and Mining},
    year = {2007},
    volume = {2007},
    pages = {1--13}
}

@unpublished{McCallumMALLET,
      author = "Andrew Kachites McCallum",
      title = "MALLET: A Machine Learning for Language Toolkit",
      note = "http://mallet.cs.umass.edu",
      year = 2002
}

@article{scikit-learn,
 title={Scikit-learn: Machine Learning in {P}ython},
 author={Pedregosa, F. and Varoquaux, G. and Gramfort, A. and Michel, V.
          and Thirion, B. and Grisel, O. and Blondel, M. and Prettenhofer, P.
          and Weiss, R. and Dubourg, V. and Vanderplas, J. and Passos, A. and
          Cournapeau, D. and Brucher, M. and Perrot, M. and Duchesnay, E.},
 journal={Journal of Machine Learning Research},
 volume={12},
 pages={2825--2830},
 year={2011}
}

@inproceedings{Joachims:1998:TCS:645326.649721,
 author = {Joachims, Thorsten},
 title = {Text Categorization with Suport Vector Machines: Learning with Many Relevant Features},
 booktitle = {Proceedings of the 10th European Conference on Machine Learning},
 series = {ECML '98},
 year = {1998},
 isbn = {3-540-64417-2},
 pages = {137--142},
 numpages = {6},
 url = {http://dl.acm.org/citation.cfm?id=645326.649721},
 acmid = {649721},
 publisher = {Springer-Verlag},
 address = {London, UK, UK},
}

@book{Manning:2008:IIR:1394399,
 author = {Manning, Christopher D. and Raghavan, Prabhakar and Sch\"{u}tze, Hinrich},
 title = {Introduction to Information Retrieval},
 year = {2008},
 isbn = {0521865719, 9780521865715},
 publisher = {Cambridge University Press},
 address = {New York, NY, USA},
}
